<?xml version="1.0" encoding="UTF-8"?><collection xmlns="http://www.loc.gov/MARC21/slim"><record><leader>00366nam--2200109-i-4500</leader><controlfield tag="001">000021728</controlfield><controlfield tag="002">20161230</controlfield><controlfield tag="005">20161230201034</controlfield><controlfield tag="008">060222s1000------------r-----000-0-eng-d</controlfield><datafield ind1=" " ind2=" " tag="245"><subfield code="a">Sixt hot laboratories and equipment conf. int.amphitheatre, chicago, illinois, march 19-21, 19958</subfield></datafield><datafield ind1=" " ind2=" " tag="260"><subfield code="a">Oak Ridge, Tenn., Oak Ridge National Laboratory, 1959. Iv + 167p</subfield></datafield><datafield ind1=" " ind2=" " tag="852"><subfield code="a">15026</subfield></datafield></record></collection>